<?xml version="1.0" encoding="UTF-8"?><record xmlns="http://www.loc.gov/MARC21/slim" xmlns:cinclude="http://apache.org/cocoon/include/1.0" xmlns:zs="http://www.loc.gov/zing/srw/">
  <leader>00377nz  a2200133n  4500</leader>
  <controlfield tag="001">no2009006264</controlfield>
  <controlfield tag="003">DLC</controlfield>
  <controlfield tag="005">20090117082242.0</controlfield>
  <controlfield tag="008">090115n| acannaabn          |n aac     c</controlfield>
  <datafield tag="010" ind1=" " ind2=" ">
    <subfield code="a">no2009006264</subfield>
  </datafield>
  <datafield tag="035" ind1=" " ind2=" ">
    <subfield code="a">(OCoLC)oca07986428</subfield>
  </datafield>
  <datafield tag="040" ind1=" " ind2=" ">
    <subfield code="a">NjP</subfield>
    <subfield code="b">eng</subfield>
    <subfield code="c">NjP</subfield>
  </datafield>
  <datafield tag="100" ind1="1" ind2=" ">
    <subfield code="a">Katsnelson, Jacob,</subfield>
    <subfield code="d">1976-</subfield>
  </datafield>
  <datafield tag="670" ind1=" " ind2=" ">
    <subfield code="a">Viola, p2008:</subfield>
    <subfield code="b">container (Jacob Katsnelson, piano) insert (b. Moscow, 1976)</subfield>
  </datafield>
</record>